<collection xmlns="http://www.loc.gov/MARC21/slim">
<record>
  <leader>00971nam0a22002171i 450 </leader>
  <controlfield tag="001">IT\ICCU\CNCE\023720</controlfield>
  <controlfield tag="005">20160215000000.0</controlfield>
  <datafield tag="012" ind1=" " ind2=" ">
    <subfield code="a">uehi o.on e.i. Qu2S (C) 1537 (R)</subfield>
    <subfield code="2">fei</subfield>
  </datafield>
  <datafield tag="100" ind1=" " ind2=" ">
    <subfield code="a">19970714d1537        0itac0103    ba</subfield>
  </datafield>
  <datafield tag="101" ind1=" " ind2=" ">
    <subfield code="a">ITA</subfield>
  </datafield>
  <datafield tag="102" ind1=" " ind2=" ">
    <subfield code="a">IT</subfield>
  </datafield>
  <datafield tag="200" ind1="1" ind2=" ">
    <subfield code="a">Questo sie vno libro che fu trouato dapoi la morte dil signore Aluixe Gritti fiol del principe di Venetia el qual degiara tutto il gouerno dil Gran Turcho ...</subfield>
  </datafield>
  <datafield tag="210" ind1=" " ind2=" ">
    <subfield code="d">1537</subfield>
    <subfield code="e">Impresso in Milano</subfield>
    <subfield code="g">per Francesco Cantalouo &amp; Nocento Cigognera compagno</subfield>
    <subfield code="h">1537 adi VIIII del mese de zugno</subfield>
  </datafield>
  <datafield tag="215" ind1=" " ind2=" ">
    <subfield code="a">\12! c.</subfield>
    <subfield code="d">8ʻ</subfield>
  </datafield>
  <datafield tag="620" ind1=" " ind2=" ">
    <subfield code="a">IT</subfield>
    <subfield code="d">Milano</subfield>
  </datafield>
  <datafield tag="700" ind1=" " ind2="1">
    <subfield code="a">Gritti,</subfield>
    <subfield code="b">Alvise</subfield>
    <subfield code="3">IT\ICCU\CNCA\006863</subfield>
  </datafield>
  <datafield tag="712" ind1="0" ind2="0">
    <subfield code="a">Cantalupo, Francesco &amp; Cicognara, Innocenzo</subfield>
    <subfield code="3">IT\ICCU\CNCT\000110</subfield>
    <subfield code="4">650</subfield>
  </datafield>
  <datafield tag="790" ind1=" " ind2="1">
    <subfield code="a">Gritti,</subfield>
    <subfield code="b">Luigi</subfield>
    <subfield code="3">IT\ICCU\CNCA\020168</subfield>
    <subfield code="z">Gritti, Alvise</subfield>
  </datafield>
  <datafield tag="790" ind1=" " ind2="1">
    <subfield code="a">Gritti,</subfield>
    <subfield code="b">Lodovico</subfield>
    <subfield code="3">IT\ICCU\CNCA\020170</subfield>
    <subfield code="z">Gritti, Alvise</subfield>
  </datafield>
  <datafield tag="801" ind1=" " ind2="3">
    <subfield code="a">IT</subfield>
    <subfield code="b">ICCU</subfield>
    <subfield code="c">20201114</subfield>
  </datafield>
  <datafield tag="899" ind1=" " ind2=" ">
    <subfield code="a">Biblioteca civica A. Mai. Bergamo</subfield>
    <subfield code="1">BG0026</subfield>
    <subfield code="2">LO1 02</subfield>
  </datafield>
</record>
</collection>
